@patent{fouqueray_procede_2022,
	title = {Procédé et dispositif de contrôle d’un véhicule à partir d’une prédiction de l’intention d’un piéton de traverser une chaussée sur laquelle circule ledit véhicule},
	url = {https://patents.google.com/patent/FR3119480A1/fr},
	abstract = {L’invention concerne un procédé et un dispositif de contrôle d’un véhicule à partir d’une prédiction de l’intention d’un piéton de traverser une chaussée sur laquelle circule ledit véhicule. Le procédé comprend l’obtention (10) d’au moins une donnée contextuelle d’un environnement routier impliquant au moins un piéton dans lequel circule le véhicule et d’au moins une information relative à au moins un piéton ; l’obtention (20) d’au moins une séquence de donnée à partir de ladite au moins une donnée contextuelle et de ladite au moins une information relative à l’identification d’au moins un piéton ; la prédiction (30) de l’intention que ledit au moins un piéton a de traverser la chaussée à partir d’un modèle de classification par apprentissage alimenté en entrée par ladite au moins une séquence de donnée ; et l’adaptation (40) du comportement du véhicule en fonction de l’intention ainsi prédite dudit au moins une piéton de traverser la chaussée.  Figure pour l’abrégé : Figure 1},
	nationality = {FR},
	assignee = {PSA Automobiles SA},
	number = {FR3119480A1},
	urldate = {2023-08-02},
	author = {Fouqueray, Thibault and Balde, Ahmed Tidiane},
	month = aug,
	year = {2022},
	keywords = {cross, intention, pedestrian, roadway, vehicle},
	file = {Full Text PDF:/Users/ahmedbalde/Zotero/storage/TCASHLNI/Fouqueray and Balde - 2022 - Procédé et dispositif de contrôle d’un véhicule à .pdf:application/pdf},
}
